\usepackage{url}
\usepackage{hyperref}

@Book{olastamid,
  author  =  {Aaron Wolf},
  title   =  {Olas Tamid},
  publisher = {Opensiddur},
  year    =  2018,
}

@Book{sefasyisroel,
	author  =  {Rallis Weisenthal},
	title   =  {Tefiloh Sefas Yisroel},
	publisher = {Opensiddur},
	year    =  2016,
}

@Book{simshalom,
	author  =  {xxx},
	title   =  {xxx},
	publisher = {xxx},
	year    =  xxx,
}

@Book{simshalomweekday,
	author  =  {xxx},
	title   =  {xxx},
	publisher = {xxx},
	year    =  xxx,
}

@Book{simshalom,
	author  =  {xxx},
	title   =  {xxx},
	publisher = {xxx},
	year    =  xxx,
}

@Book{levshalem,
	author  =  {xxx},
	title   =  {xxx},
	publisher = {xxx},
	year    =  xxx,
}

@Book{birnbaum,
	author  =  {Phillip Birnbaum},
	title   =  {xxx},
	publisher = {xxx},
	year    =  xxx,
}

@Book{koren,
	author  =  {xxx},
	title   =  {xxx},
	publisher = {xxx},
	year    =  xxx,
}

@Book{korenyt,
	author  =  {xxx},
	title   =  {xxx},
	publisher = {xxx},
	year    =  xxx,
}

@Book{artscroll,
	author  =  {xxx},
	title   =  {xxx},
	publisher = {xxx},
	year    =  xxx,
}

@Book{avodasyisroel,
	author  =  {xxx},
	title   =  {xxx},
	publisher = {xxx},
	year    =  xxx,
}

@Book{koren,
	author  =  {xxx},
	title   =  {xxx},
	publisher = {xxx},
	year    =  xxx,
}

@Book{tefillatyesharim,
	author  =  {xxx},
	title   =  {xxx},
	publisher = {xxx},
	year    =  xxx,
}

@Book{shaaretefila,
	author  =  {xxx},
	title   =  {xxx},
	publisher = {xxx},
	year    =  xxx,
}

@Book{artcant,
	author  =  {Joshua R Jacobson},
	title   =  {xxx},
	publisher = {xxx},
	year    =  xxx,
}

@Book{mapm,
	author  =  {xxx},
	title   =  {xxx},
	publisher = {xxx},
	year    =  xxx,
}

@Book{wikisiddur,
	author  =  {xxx},
	title   =  {xxx},
	publisher = {xxx},
	year    =  xxx,
}